<?xml version="1.0" encoding="UTF-8"?><collection xmlns="http://www.loc.gov/MARC21/slim"><record><leader>00426nam--2200169-i-4500</leader><controlfield tag="001">000043065</controlfield><controlfield tag="002">20161230</controlfield><controlfield tag="005">20170107003339</controlfield><controlfield tag="008">060222s1000------------r-----000-0-eng-d</controlfield><datafield ind1=" " ind2=" " tag="080"><subfield code="a">517.544:517.948</subfield></datafield><datafield ind1=" " ind2=" " tag="100"><subfield code="a">Stratila, Serban</subfield></datafield><datafield ind1=" " ind2=" " tag="245"><subfield code="a">Leectii de algebre von neumann</subfield></datafield><datafield ind1=" " ind2=" " tag="260"><subfield code="a">Bucuresti</subfield><subfield code="b">Ed.Acad.Rsr</subfield><subfield code="c">1975</subfield></datafield><datafield ind1=" " ind2=" " tag="300"><subfield code="a">409 p</subfield></datafield><datafield ind1=" " ind2=" " tag="700"><subfield code="a">Zsid©đ, L©Łszl©đ</subfield></datafield><datafield ind1=" " ind2=" " tag="852"><subfield code="a">42755</subfield><subfield code="c">517</subfield></datafield><datafield ind1=" " ind2=" " tag="CAT"><subfield code="a">SYS</subfield><subfield code="c">20170107</subfield><subfield code="h">003339</subfield></datafield></record></collection>